@misc{webauthn,
 organization = "W3C",
 title = "Web Authentication: An API for accessing Public Key Credentials Level 1",
 url = {https://www.w3.org/TR/webauthn/},
 urldate = {01-02-2019},
 year = {2019}
}
@misc{ctap,
 organization = "fidoalliance",
 title = "Client to Authenticator Protocol (CTAP)",
 url = {https://fidoalliance.org/specs/fido-v2.0-id-20180227/fido-client-to-authenticator-protocol-v2.0-id-20180227.html},
 urldate = {01-02-2019},
 year = {2018}
}


@misc{yubico:whatIsFido2,
 organization = "Yubico",
 title = "What is FIDO2?",
 url = {https://developers.yubico.com/FIDO2/},
 urldate = {01-02-2019},
 year = {2019}
}


@misc{yubico:yubikey5,
 author = "Jerrod Chong",
 organization = "Yubico",
 title = "Introducing the YubiKey 5 Series with New NFC and FIDO2 Passwordless Features	",
 url = {https://www.yubico.com/2018/09/introducing-the-yubikey-5-series-with-new-nfc-and-fido2-passwordless-features/},
 urldate = {01-02-2019},
 year = {2018}
}

@misc{yubico:ms,
 author = "Ronnie Manning",
 organization = "Yubico",
 title = "Passwordless Login with the YubiKey 5 Comes to Microsoft Accounts",
 url = {https://www.yubico.com/2018/11/passwordless-login-with-the-yubikey-5-comes-to-microsoft-accounts/},
 urldate = {01-02-2019},
 year = {2018}
}

@misc{fido:alliancemember,
 organization = "fidoalliance",
 title = "FIDO Members",
 url = {https://fidoalliance.org/members/},
 urldate = {01-02-2019},
 year = {2019}
}

@misc{fido:authenticator:level1,
 organization = "fidoalliance",
 title = "Authenticator Level 1",
 url = {https://fidoalliance.org/certification/authenticator-certification-levels/authenticator-level-1/},
 urldate = {01-02-2019},
 year = {2019}
}

@misc{fido:authenticator:level2,
 organization = "fidoalliance",
 title = "Authenticator Level 2",
 url = {https://fidoalliance.org/certification/authenticator-certification-levels/authenticator-level-2/},
 urldate = {01-02-2019},
 year = {2019}
}

@misc{fido:authenticator:level3,
 organization = "fidoalliance",
 title = "Authenticator Level 3",
 url = {https://fidoalliance.org/certification/authenticator-certification-levels/authenticator-level-3/},
 urldate = {01-02-2019},
 year = {2019}
}

@misc{fido:authenticator:level3_plus,
 organization = "fidoalliance",
 title = "Authenticator Level 3+",
 url = {https://fidoalliance.org/certification/authenticator-certification-levels/authenticator-level-3-plus/},
 urldate = {01-02-2019},
 year = {2019}
}

@misc{fido:browser,
 organization = "fidoalliance",
 title = "FIDO2 Browser Support, New Certified Products Continue Momentum Towards Passwordless Future",
 url = {https://fidoalliance.org/fido2-browser-support-new-certified-products-continue-momentum-towards-passwordless-future/},
 urldate = {01-02-2019},
 year = {2018}
}

@misc{nist:pw:blog,
 author = "Mike Garcia",
 organization = "NIST",
 title = "Easy Ways to Build a Better P@\$5w0rd",
 url = {https://www.nist.gov/blogs/taking-measure/easy-ways-build-better-p5w0rd},
 urldate = {01-02-2019},
 year = {2018}
}

@misc{panda:pwreuse,
 organization = "Panda Security",
 title = "52\% of users reuse their passwords",
 url = {https://www.pandasecurity.com/mediacenter/security/password-reuse/},
 urldate = {01-02-2019},
 year = {2018}
}

@misc{xkcd:pwreuse,
 author = "Randall Munroe",
 title = "Password Reuse",
 url = {https://xkcd.com/792/},
 urldate = {01-02-2019},
 year = {2014}
}

@misc{smsweak,
 author = "Dan Price",
 title = "Itâ€™s Time to Stop Using SMS and 2FA Apps for Two-Factor Authentication",
 url = {https://www.makeuseof.com/tag/two-factor-authentication-sms-apps/},
 urldate = {01-02-2019},
 year = {2018}
}

@misc{temp,
 author = "",
 title = "",
 url = {},
 urldate = {01-02-2019},
 year = {2019}
}
